<?xml version="1.0" encoding="UTF-8"?><collection xmlns="http://www.loc.gov/MARC21/slim"><record><leader>00412nam--2200133-i-4500</leader><controlfield tag="001">000023744</controlfield><controlfield tag="002">20161230</controlfield><controlfield tag="005">20161230201035</controlfield><controlfield tag="008">060222s1000------------r-----000-0-eng-d</controlfield><datafield ind1=" " ind2=" " tag="080"><subfield code="a">546.51:541.57:539.194</subfield></datafield><datafield ind1=" " ind2=" " tag="245"><subfield code="a">The hydrogen bond. recent development in theory and experiments. vol.i - theory</subfield></datafield><datafield ind1=" " ind2=" " tag="260"><subfield code="a">Amsterdam, North-holland Publ.Co., 1976, Viii + 389 P.+ Pg.Dif</subfield></datafield><datafield ind1=" " ind2=" " tag="700"><subfield code="a">Sandorfy, G</subfield></datafield><datafield ind1=" " ind2=" " tag="852"><subfield code="a">45441</subfield></datafield></record></collection>